@book{haynes.hedetniemi.ea:domination,
  title = {Domination in Graphs: Core Concepts},
  author = {Teresa W. Haynes and Stephen T. Hedetniemi and Michael A. Henning},
  publisher = {Springer},
  series = {Springer Monographs in Mathematics},
  doi = {10.1007/978-3-031-09496-5},
  year = {2023}
}

@book{haynes.hedetniemi.ea:topics,
  title = {Topics in Domination in Graphs},
  author = {Teresa W. Haynes and Stephen T. Hedetniemi and Michael A. Henning},
  publisher = {Springer},
  series = {Developments in Mathematics},
  doi = {10.1007/978-3-030-51117-3},
  year = {2020}
}



%%% for collinear set

@article{DBLP:journals/jct/GrunbaumW73,
  author    = {Branko Gr{\"{u}}nbaum and
               Hansjoachim Walther},
  title     = {Shortness Exponents of Families of Graphs},
  journal   = {J. Comb. Theory, Ser. {A}},
  volume    = {14},
  number    = {3},
  pages     = {364--385},
  year      = {1973},
  url       = {https://doi.org/10.1016/0097-3165(73)90012-5},
  doi       = {10.1016/0097-3165(73)90012-5},
  timestamp = {Tue, 16 Feb 2021 14:04:51 +0100},
  biburl    = {https://dblp.org/rec/journals/jct/GrunbaumW73.bib},
  bibsource = {dblp computer science bibliography, https://dblp.org}
}

@article{DBLP:journals/jocg/LozzoDFMR18,
  author    = {Giordano Da Lozzo and
               Vida Dujmovi\'{c} and
               Fabrizio Frati and
               Tamara Mchedlidze and
               Vincenzo Roselli},
  title     = {Drawing planar graphs with many collinear vertices},
  journal   = {J. Comput. Geom.},
  volume    = {9},
  number    = {1},
  pages     = {94--130},
  year      = {2018},
  url       = {https://doi.org/10.20382/jocg.v9i1a4},
  doi       = {10.20382/jocg.v9i1a4},
  timestamp = {Thu, 10 Sep 2020 13:17:52 +0200},
  biburl    = {https://dblp.org/rec/journals/jocg/LozzoDFMR18.bib},
  bibsource = {dblp computer science bibliography, https://dblp.org}
}

@inproceedings{DBLP:conf/wg/RavskyV11,
  author    = {Alexander Ravsky and
               Oleg Verbitsky},
  editor    = {Petr Kolman and
               Jan Kratochv{\'{\i}}l},
  title     = {On Collinear Sets in Straight-Line Drawings},
  booktitle = {Graph-Theoretic Concepts in Computer Science - 37th International
               Workshop, {WG} 2011, Tepl{\'{a}} Monastery, Czech Republic, June
               21-24, 2011. Revised Papers},
  series    = {Lecture Notes in Computer Science},
  volume    = {6986},
  pages     = {295--306},
  publisher = {Springer},
  year      = {2011},
  url       = {https://doi.org/10.1007/978-3-642-25870-1\_27},
  doi       = {10.1007/978-3-642-25870-1\_27},
  timestamp = {Tue, 14 May 2019 10:00:40 +0200},
  biburl    = {https://dblp.org/rec/conf/wg/RavskyV11.bib},
  bibsource = {dblp computer science bibliography, https://dblp.org}
}

@article{DBLP:journals/dcg/BoseDHLMW09,
  author    = {Prosenjit Bose and
               Vida Dujmovi\'{c} and
               Ferran Hurtado and
               Stefan Langerman and
               Pat Morin and
               David R. Wood},
  title     = {A Polynomial Bound for Untangling Geometric Planar Graphs},
  journal   = {Discret. Comput. Geom.},
  volume    = {42},
  number    = {4},
  pages     = {570--585},
  year      = {2009},
  url       = {https://doi.org/10.1007/s00454-008-9125-3},
  doi       = {10.1007/s00454-008-9125-3},
  timestamp = {Sun, 25 Jul 2021 11:41:11 +0200},
  biburl    = {https://dblp.org/rec/journals/dcg/BoseDHLMW09.bib},
  bibsource = {dblp computer science bibliography, https://dblp.org}
}

@article{DBLP:journals/jgaa/Dujmovic17,
  author    = {Vida Dujmovi\'{c}},
  title     = {The Utility of Untangling},
  journal   = {J. Graph Algorithms Appl.},
  volume    = {21},
  number    = {1},
  pages     = {121--134},
  year      = {2017},
  url       = {https://doi.org/10.7155/jgaa.00407},
  doi       = {10.7155/jgaa.00407},
  timestamp = {Tue, 16 Feb 2021 15:56:59 +0100},
  biburl    = {https://dblp.org/rec/journals/jgaa/Dujmovic17.bib},
  bibsource = {dblp computer science bibliography, https://dblp.org}
}

@article{DBLP:conf/compgeom/DujmovicM19,
  author       = {Vida Dujmovic and
                  Pat Morin},
  title        = {Dual Circumference and Collinear Sets},
  journal      = {Discret. Comput. Geom.},
  volume       = {69},
  number       = {1},
  pages        = {26--50},
  year         = {2023},
  url          = {https://doi.org/10.1007/s00454-022-00418-4},
  doi          = {10.1007/S00454-022-00418-4},
  timestamp    = {Mon, 28 Aug 2023 21:40:24 +0200},
  biburl       = {https://dblp.org/rec/journals/dcg/DujmovicM23.bib},
  bibsource    = {dblp computer science bibliography, https://dblp.org}
}

@inproceedings{DBLP:conf/gd/EverettLLW07,
  author    = {Hazel Everett and
               Sylvain Lazard and
               Giuseppe Liotta and
               Stephen K. Wismath},
  editor    = {Seok{-}Hee Hong and
               Takao Nishizeki and
               Wu Quan},
  title     = {Universal Sets of \emph{n} Points for 1-Bend Drawings of Planar Graphs
               with \emph{n} Vertices},
  booktitle = {Graph Drawing, 15th International Symposium, {GD} 2007, Sydney, Australia,
               September 24-26, 2007. Revised Papers},
  series    = {Lecture Notes in Computer Science},
  volume    = {4875},
  pages     = {345--351},
  publisher = {Springer},
  year      = {2007},
  url       = {https://doi.org/10.1007/978-3-540-77537-9\_34},
  doi       = {10.1007/978-3-540-77537-9\_34},
  timestamp = {Wed, 17 Feb 2021 08:16:51 +0100},
  biburl    = {https://dblp.org/rec/conf/gd/EverettLLW07.bib},
  bibsource = {dblp computer science bibliography, https://dblp.org}
}

@article{DBLP:journals/combinatorica/FraysseixPP90,
  author    = {Hubert de Fraysseix and
               J{\'{a}}nos Pach and
               Richard Pollack},
  title     = {How to draw a planar graph on a grid},
  journal   = {Comb.},
  volume    = {10},
  number    = {1},
  pages     = {41--51},
  year      = {1990},
  url       = {https://doi.org/10.1007/BF02122694},
  doi       = {10.1007/BF02122694},
  timestamp = {Wed, 22 Jul 2020 22:02:54 +0200},
  biburl    = {https://dblp.org/rec/journals/combinatorica/FraysseixPP90.bib},
  bibsource = {dblp computer science bibliography, https://dblp.org}
}

@article{DBLP:journals/comgeo/GiacomoDLW05,
  author    = {Emilio Di Giacomo and
               Walter Didimo and
               Giuseppe Liotta and
               Stephen K. Wismath},
  title     = {Curve-constrained drawings of planar graphs},
  journal   = {Comput. Geom.},
  volume    = {30},
  number    = {1},
  pages     = {1--23},
  year      = {2005},
  url       = {https://doi.org/10.1016/j.comgeo.2004.04.002},
  doi       = {10.1016/j.comgeo.2004.04.002},
  timestamp = {Thu, 11 Feb 2021 23:27:23 +0100},
  biburl    = {https://dblp.org/rec/journals/comgeo/GiacomoDLW05.bib},
  bibsource = {dblp computer science bibliography, https://dblp.org}
}